@book{karwin2010sql,
  title={SQL antipatterns: avoiding the pitfalls of database programming},
  author={Karwin, Bill},
  year={2010},
  publisher={Pragmatic Bookshelf}
}
@inproceedings{palma2015restful,
  title={Are RESTful APIs well-designed? Detection of their linguistic (anti) patterns},
  author={Palma, Francis and Gonzalez-Huerta, Javier and Moha, Naouel and Gu{\'e}h{\'e}neuc, Yann-Ga{\"e}l and Tremblay, Guy},
  booktitle={International Conference on Service-Oriented Computing},
  pages={171--187},
  year={2015},
  organization={Springer}
}
@article{palomba2015anti,
  title={Anti-Pattern Detection: Methods, Challenges, and Open Issues.},
  author={Palomba, Fabio and De Lucia, Andrea and Bavota, Gabriele and Oliveto, Rocco},
  journal={Advances in Computers},
  volume={95},
  pages={201--238},
  year={2015}
}
@article{arnaoudova2016linguistic,
  title={Linguistic antipatterns: What they are and how developers perceive them},
  author={Arnaoudova, Venera and Di Penta, Massimiliano and Antoniol, Giuliano},
  journal={Empirical Software Engineering},
  volume={21},
  number={1},
  pages={104--158},
  year={2016},
  publisher={Springer}
}
@book{arnaoudova2010defining,
  title={Defining Linguistic Antipatterns Towards the Improvement of Source Code Quality},
  author={Arnaoudova, Venera},
  year={2010}
}
@inproceedings{arnaoudova2013new,
  title={A new family of software anti-patterns: Linguistic anti-patterns},
  author={Arnaoudova, Venera and Di Penta, Massimiliano and Antoniol, Giuliano and Gueheneuc, Yann-Gael},
  booktitle={Software Maintenance and Reengineering (CSMR), 2013 17th European Conference on},
  pages={187--196},
  year={2013},
  organization={IEEE}
}
@book{brown1998antipatterns,
  title={AntiPatterns: refactoring software, architectures, and projects in crisis},
  author={Brown, William H and Malveau, Raphael C and McCormick, Hays W and Mowbray, Thomas J},
  year={1998},
  publisher={John Wiley \& Sons, Inc.}
}
@misc{fredrich2012restful,
  title={Restful service best practices},
  author={Fredrich, Todd},
  year={2012},
  publisher={Pearson eCollege}
}
@book{masse2011rest,
  title={REST API Design Rulebook: Designing Consistent RESTful Web Service Interfaces},
  author={Masse, Mark},
  year={2011},
  publisher={" O'Reilly Media, Inc."}
}

@article{masinter2005uniform,
  title={Uniform resource identifier (URI): Generic syntax},
  author={Masinter, Larry and Berners-Lee, Tim and Fielding, Roy T},
  year={2005}
}
@article{tilkov2008rest,
  title={REST Anti-Patterns},
  author={Tilkov, Stefan},
  journal={InfoQ Article (July 2008)},
  year={2008}
}